@ARTICLE{Bregman-2008,
       author = {{Bregman}, Joel N.},
        title = "{The Search for the Missing Baryons at Low Redshift}",
      journal = {\araa},
     keywords = {Astrophysics},
         year = 2007,
        month = sep,
       volume = {45},
       number = {1},
        pages = {221-259},
          doi = {10.1146/annurev.astro.45.051806.110619},
archivePrefix = {arXiv},
       eprint = {0706.1787},
 primaryClass = {astro-ph},
       adsurl = {https://ui.adsabs.harvard.edu/abs/2007ARA&A..45..221B},
      adsnote = {Provided by the SAO/NASA Astrophysics Data System}
}

@ARTICLE{Bristow-1994,
       author = {{Bristow}, P.~D. and {Phillipps}, S.},
        title = "{On the Baryon Content of the Universe}",
      journal = {\mnras},
         year = 1994,
        month = mar,
       volume = {267},
        pages = {13},
          doi = {10.1093/mnras/267.1.13},
       adsurl = {https://ui.adsabs.harvard.edu/abs/1994MNRAS.267...13B},
      adsnote = {Provided by the SAO/NASA Astrophysics Data System}
}

@ARTICLE{Cen-1999,
       author = {{Cen}, Renyue and {Ostriker}, Jeremiah P.},
        title = "{Cosmic Chemical Evolution}",
      journal = {\apjl},
     keywords = {COSMOLOGY: THEORY, HYDRODYNAMICS, GALAXIES: INTERGALACTIC MEDIUM, COSMOLOGY: LARGE-SCALE STRUCTURE OF UNIVERSE, GALAXIES: QUASARS: ABSORPTION LINES, Cosmology: Theory, Hydrodynamics, Galaxies: Intergalactic Medium, Cosmology: Large-Scale Structure of Universe, Galaxies: Quasars: Absorption Lines, Astrophysics},
         year = 1999,
        month = jul,
       volume = {519},
       number = {2},
        pages = {L109-L113},
          doi = {10.1086/312123},
archivePrefix = {arXiv},
       eprint = {astro-ph/9903207},
 primaryClass = {astro-ph},
       adsurl = {https://ui.adsabs.harvard.edu/abs/1999ApJ...519L.109C},
      adsnote = {Provided by the SAO/NASA Astrophysics Data System}
}

@ARTICLE{Cen-2006,
       author = {{Cen}, Renyue and {Ostriker}, Jeremiah P.},
        title = "{Where Are the Baryons? II. Feedback Effects}",
      journal = {\apj},
     keywords = {Cosmology: Observations, Galaxies: Intergalactic Medium, Cosmology: Large-Scale Structure of Universe, Astrophysics},
         year = 2006,
        month = oct,
       volume = {650},
       number = {2},
        pages = {560-572},
          doi = {10.1086/506505},
archivePrefix = {arXiv},
       eprint = {astro-ph/0601008},
 primaryClass = {astro-ph},
       adsurl = {https://ui.adsabs.harvard.edu/abs/2006ApJ...650..560C},
      adsnote = {Provided by the SAO/NASA Astrophysics Data System}
}

@ARTICLE{Danforth-2008,
       author = {{Danforth}, Charles W. and {Shull}, J. Michael},
        title = "{The Low-z Intergalactic Medium. III. H I and Metal Absorbers at z < 0.4}",
      journal = {\apj},
     keywords = {cosmological parameters, cosmology: observations, intergalactic medium, quasars: absorption lines, ultraviolet: general, Astrophysics},
         year = 2008,
        month = may,
       volume = {679},
       number = {1},
        pages = {194-219},
          doi = {10.1086/587127},
archivePrefix = {arXiv},
       eprint = {0709.4030},
 primaryClass = {astro-ph},
       adsurl = {https://ui.adsabs.harvard.edu/abs/2008ApJ...679..194D},
      adsnote = {Provided by the SAO/NASA Astrophysics Data System}
}

@INPROCEEDINGS{Danforth-2009,
       author = {{Danforth}, Charles W.},
        title = "{Intergalactic Baryons in the Local Universe}",
     keywords = {96.50.Fm, 95.55.Qf, 98.62.Ra, Planetary bow shocks, interplanetary shocks, Photometric polarimetric and spectroscopic instrumentation, Intergalactic matter, quasar absorption and emission-line systems, Lyman forest, Astrophysics},
    booktitle = {Future Directions in Ultraviolet Spectroscopy: A Conference Inspired by the Accomplishments of the Far Ultraviolet Spectroscopic Explorer Mission},
         year = 2009,
       editor = {{van Steenberg}, Michael E. and {Sonneborn}, George and {Moos}, H. Warren and {Blair}, William P.},
       series = {American Institute of Physics Conference Series},
       volume = {1135},
        month = may,
    publisher = {AIP},
        pages = {8-15},
          doi = {10.1063/1.3154092},
archivePrefix = {arXiv},
       eprint = {0812.0602},
 primaryClass = {astro-ph},
       adsurl = {https://ui.adsabs.harvard.edu/abs/2009AIPC.1135....8D},
      adsnote = {Provided by the SAO/NASA Astrophysics Data System}
}

@ARTICLE{Danforth-2010,
       author = {{Danforth}, Charles W. and {Stocke}, John T. and {Shull}, J. Michael},
        title = "{Broad H I Absorbers as Metallicity-independent Tracers of the Warm-Hot Intergalactic Medium}",
      journal = {\apj},
     keywords = {cosmological parameters, cosmology: observations, intergalactic medium, quasars: absorption lines, ultraviolet: general, Astrophysics - Cosmology and Nongalactic Astrophysics},
         year = 2010,
        month = feb,
       volume = {710},
       number = {1},
        pages = {613-633},
          doi = {10.1088/0004-637X/710/1/613},
archivePrefix = {arXiv},
       eprint = {0912.1603},
 primaryClass = {astro-ph.CO},
       adsurl = {https://ui.adsabs.harvard.edu/abs/2010ApJ...710..613D},
      adsnote = {Provided by the SAO/NASA Astrophysics Data System}
}

@ARTICLE{Dave-1999,
       author = {{Dav{\'e}}, Romeel and {Hernquist}, Lars and {Katz}, Neal and {Weinberg}, David H.},
        title = "{The Low-Redshift Ly{\ensuremath{\alpha}} Forest in Cold Dark Matter Cosmologies}",
      journal = {\apj},
     keywords = {GALAXIES: FORMATION, COSMOLOGY: LARGE-SCALE STRUCTURE OF UNIVERSE, GALAXIES: QUASARS: ABSORPTION LINES, Galaxies: Formation, Cosmology: Large-Scale Structure of Universe, Galaxies: Quasars: Absorption Lines, Astrophysics},
         year = 1999,
        month = feb,
       volume = {511},
       number = {2},
        pages = {521-545},
          doi = {10.1086/306722},
archivePrefix = {arXiv},
       eprint = {astro-ph/9807177},
 primaryClass = {astro-ph},
       adsurl = {https://ui.adsabs.harvard.edu/abs/1999ApJ...511..521D},
      adsnote = {Provided by the SAO/NASA Astrophysics Data System}
}

@ARTICLE{Dave-2001,
       author = {{Dav{\'e}}, Romeel and {Cen}, Renyue and {Ostriker}, Jeremiah P. and {Bryan}, Greg L. and {Hernquist}, Lars and {Katz}, Neal and {Weinberg}, David H. and {Norman}, Michael L. and {O'Shea}, Brian},
        title = "{Baryons in the Warm-Hot Intergalactic Medium}",
      journal = {\apj},
     keywords = {Cosmology: Observations, Galaxies: Intergalactic Medium, Cosmology: Large-Scale Structure of Universe, Methods: Numerical, Astrophysics},
         year = 2001,
        month = may,
       volume = {552},
       number = {2},
        pages = {473-483},
          doi = {10.1086/320548},
archivePrefix = {arXiv},
       eprint = {astro-ph/0007217},
 primaryClass = {astro-ph},
       adsurl = {https://ui.adsabs.harvard.edu/abs/2001ApJ...552..473D},
      adsnote = {Provided by the SAO/NASA Astrophysics Data System}
}

@ARTICLE{Fukugita-1998,
       author = {{Fukugita}, M. and {Hogan}, C.~J. and {Peebles}, P.~J.~E.},
        title = "{The Cosmic Baryon Budget}",
      journal = {\apj},
     keywords = {COSMOLOGY: OBSERVATIONS, ELEMENTARY PARTICLES, GALAXIES: FUNDAMENTAL PARAMETERS, Cosmology: Observations, Elementary Particles, Galaxies: Fundamental Parameters, Astrophysics},
         year = 1998,
        month = aug,
       volume = {503},
       number = {2},
        pages = {518-530},
          doi = {10.1086/306025},
archivePrefix = {arXiv},
       eprint = {astro-ph/9712020},
 primaryClass = {astro-ph},
       adsurl = {https://ui.adsabs.harvard.edu/abs/1998ApJ...503..518F},
      adsnote = {Provided by the SAO/NASA Astrophysics Data System}
}

@ARTICLE{Fukugita-2004,
       author = {{Fukugita}, Masataka and {Peebles}, P.~J.~E.},
        title = "{The Cosmic Energy Inventory}",
      journal = {\apj},
     keywords = {Cosmology: Miscellaneous, Astrophysics},
         year = 2004,
        month = dec,
       volume = {616},
       number = {2},
        pages = {643-668},
          doi = {10.1086/425155},
archivePrefix = {arXiv},
       eprint = {astro-ph/0406095},
 primaryClass = {astro-ph},
       adsurl = {https://ui.adsabs.harvard.edu/abs/2004ApJ...616..643F},
      adsnote = {Provided by the SAO/NASA Astrophysics Data System}
}

@ARTICLE{Kaastra-2006,
       author = {{Kaastra}, J.~S. and {Werner}, N. and {Herder}, J.~W.~A. den and {Paerels}, F.~B.~S. and {de Plaa}, J. and {Rasmussen}, A.~P. and {de Vries}, C.~P.},
        title = "{The O VII X-Ray Forest toward Markarian 421: Consistency between XMM-Newton and Chandra}",
      journal = {\apj},
     keywords = {BL Lacertae objects: individual (Mrk 421), Cosmology: Large-Scale Structure of Universe, Galaxies: Quasars: Absorption Lines, X-Rays: ISM, Astrophysics},
         year = 2006,
        month = nov,
       volume = {652},
       number = {1},
        pages = {189-197},
          doi = {10.1086/507835},
archivePrefix = {arXiv},
       eprint = {astro-ph/0604519},
 primaryClass = {astro-ph},
       adsurl = {https://ui.adsabs.harvard.edu/abs/2006ApJ...652..189K},
      adsnote = {Provided by the SAO/NASA Astrophysics Data System}
}

@ARTICLE{Komatsu-2011,
       author = {{Komatsu}, E. and {Smith}, K.~M. and {Dunkley}, J. and {Bennett}, C.~L. and {Gold}, B. and {Hinshaw}, G. and {Jarosik}, N. and {Larson}, D. and {Nolta}, M.~R. and {Page}, L. and {Spergel}, D.~N. and {Halpern}, M. and {Hill}, R.~S. and {Kogut}, A. and {Limon}, M. and {Meyer}, S.~S. and {Odegard}, N. and {Tucker}, G.~S. and {Weiland}, J.~L. and {Wollack}, E. and {Wright}, E.~L.},
        title = "{Seven-year Wilkinson Microwave Anisotropy Probe (WMAP) Observations: Cosmological Interpretation}",
      journal = {\apjs},
     keywords = {cosmic background radiation, cosmology: observations, dark matter, early universe, space vehicles, Astrophysics - Cosmology and Extragalactic Astrophysics},
         year = 2011,
        month = feb,
       volume = {192},
       number = {2},
          eid = {18},
        pages = {18},
          doi = {10.1088/0067-0049/192/2/18},
archivePrefix = {arXiv},
       eprint = {1001.4538},
 primaryClass = {astro-ph.CO},
       adsurl = {https://ui.adsabs.harvard.edu/abs/2011ApJS..192...18K},
      adsnote = {Provided by the SAO/NASA Astrophysics Data System}
}

@ARTICLE{Lehner-2006,
       author = {{Lehner}, N. and {Savage}, B.~D. and {Wakker}, B.~P. and {Sembach}, K.~R. and {Tripp}, T.~M.},
        title = "{Low-Redshift Intergalactic Absorption Lines in the Spectrum of HE 0226-4110}",
      journal = {\apjs},
     keywords = {Cosmology: Observations, Galaxies: Intergalactic Medium, Galaxies: Quasars: Absorption Lines, Galaxies: Quasars: Individual: Alphanumeric: HE 0226-4110, Astrophysics},
         year = 2006,
        month = may,
       volume = {164},
       number = {1},
        pages = {1-37},
          doi = {10.1086/500932},
archivePrefix = {arXiv},
       eprint = {astro-ph/0602085},
 primaryClass = {astro-ph},
       adsurl = {https://ui.adsabs.harvard.edu/abs/2006ApJS..164....1L},
      adsnote = {Provided by the SAO/NASA Astrophysics Data System}
}

@ARTICLE{Lehner-2007,
       author = {{Lehner}, N. and {Savage}, B.~D. and {Richter}, P. and {Sembach}, K.~R. and {Tripp}, T.~M. and {Wakker}, B.~P.},
        title = "{Physical Properties, Baryon Content, and Evolution of the Ly{\ensuremath{\alpha}} Forest: New Insights from High-Resolution Observations at z <\raisebox{-0.5ex}\textasciitilde 0.4}",
      journal = {\apj},
     keywords = {Cosmology: Observations, Galaxies: Intergalactic Medium, Galaxies: Quasars: Absorption Lines, Astrophysics},
         year = 2007,
        month = apr,
       volume = {658},
       number = {2},
        pages = {680-709},
          doi = {10.1086/511749},
archivePrefix = {arXiv},
       eprint = {astro-ph/0612275},
 primaryClass = {astro-ph},
       adsurl = {https://ui.adsabs.harvard.edu/abs/2007ApJ...658..680L},
      adsnote = {Provided by the SAO/NASA Astrophysics Data System}
}

@ARTICLE{Nicastro-2005a,
       author = {{Nicastro}, Fabrizio and {Mathur}, Smita and {Elvis}, Martin and {Drake}, Jeremy and {Fiore}, Fabrizio and {Fang}, Taotao and {Fruscione}, Antonella and {Krongold}, Yair and {Marshall}, Herman and {Williams}, Rik},
        title = "{Chandra Detection of the First X-Ray Forest along the Line of Sight To Markarian 421}",
      journal = {\apj},
     keywords = {Galaxies: BL Lacertae Objects: Individual: Name: Markarian 421, Galaxies: Intergalactic Medium, Galaxies: Quasars: Absorption Lines, Astrophysics},
         year = 2005,
        month = aug,
       volume = {629},
       number = {2},
        pages = {700-718},
          doi = {10.1086/431270},
archivePrefix = {arXiv},
       eprint = {astro-ph/0504187},
 primaryClass = {astro-ph},
       adsurl = {https://ui.adsabs.harvard.edu/abs/2005ApJ...629..700N},
      adsnote = {Provided by the SAO/NASA Astrophysics Data System}
}

@ARTICLE{Nicastro-2005b,
       author = {{Nicastro}, Fabrizio and {Mathur}, Smita and {Elvis}, Martin and {Drake}, Jeremy and {Fang}, Taotao and {Fruscione}, Antonella and {Krongold}, Yair and {Marshall}, Herman and {Williams}, Rik and {Zezas}, Andreas},
        title = "{The mass of the missing baryons in the X-ray forest of the warm-hot intergalactic medium}",
      journal = {\nat},
         year = 2005,
        month = feb,
       volume = {433},
       number = {7025},
        pages = {495-498},
          doi = {10.1038/nature03245},
       adsurl = {https://ui.adsabs.harvard.edu/abs/2005Natur.433..495N},
      adsnote = {Provided by the SAO/NASA Astrophysics Data System}
}

@ARTICLE{Peimbert-2007,
       author = {{Peimbert}, Manuel and {Luridiana}, Valentina and {Peimbert}, Antonio},
        title = "{Revised Primordial Helium Abundance Based on New Atomic Data}",
      journal = {\apj},
     keywords = {Cosmology: Early Universe, Galaxies: Abundances, Galaxies: Individual: Alphanumeric: SBS 0335-052, Galaxies: Individual: Alphanumeric: I Zw 18, galaxies: individual (Haro 29), Galaxies: ISM, ISM: H II Regions, ISM: Abundances, Astrophysics},
         year = 2007,
        month = sep,
       volume = {666},
       number = {2},
        pages = {636-646},
          doi = {10.1086/520571},
archivePrefix = {arXiv},
       eprint = {astro-ph/0701580},
 primaryClass = {astro-ph},
       adsurl = {https://ui.adsabs.harvard.edu/abs/2007ApJ...666..636P},
      adsnote = {Provided by the SAO/NASA Astrophysics Data System}
}

@ARTICLE{Prochaska-2011,
       author = {{Prochaska}, J. Xavier and {Weiner}, B. and {Chen}, H. -W. and {Mulchaey}, J. and {Cooksey}, K.},
        title = "{Probing the Intergalactic Medium/Galaxy Connection. V. On the Origin of Ly{\ensuremath{\alpha}} and O VI Absorption at z < 0.2}",
      journal = {\apj},
     keywords = {galaxies: structure, intergalactic medium, large-scale structure of universe, quasars: absorption lines, Astrophysics - Cosmology and Nongalactic Astrophysics, Astrophysics - Astrophysics of Galaxies},
         year = 2011,
        month = oct,
       volume = {740},
       number = {2},
          eid = {91},
        pages = {91},
          doi = {10.1088/0004-637X/740/2/91},
archivePrefix = {arXiv},
       eprint = {1103.1891},
 primaryClass = {astro-ph.CO},
       adsurl = {https://ui.adsabs.harvard.edu/abs/2011ApJ...740...91P},
      adsnote = {Provided by the SAO/NASA Astrophysics Data System}
}

@ARTICLE{Richter-2006,
       author = {{Richter}, P. and {Savage}, B.~D. and {Sembach}, K.~R. and {Tripp}, T.~M.},
        title = "{Tracing baryons in the warm-hot intergalactic medium with broad Ly {\ensuremath{\alpha}} absorption}",
      journal = {\aap},
     keywords = {cosmology: observations, large-scale structure of Universe, Astrophysics},
         year = 2006,
        month = jan,
       volume = {445},
       number = {3},
        pages = {827-842},
          doi = {10.1051/0004-6361:20053636},
archivePrefix = {arXiv},
       eprint = {astro-ph/0509539},
 primaryClass = {astro-ph},
       adsurl = {https://ui.adsabs.harvard.edu/abs/2006A&A...445..827R},
      adsnote = {Provided by the SAO/NASA Astrophysics Data System}
}

@ARTICLE{Richter-2004,
       author = {{Richter}, Philipp and {Savage}, Blair D. and {Tripp}, Todd M. and {Sembach}, Kenneth R.},
        title = "{FUSE and STIS Observations of the Warm-hot Intergalactic Medium toward PG 1259+593}",
      journal = {\apjs},
     keywords = {Galaxies: Intergalactic Medium, Galaxies: Quasars: Absorption Lines, Ultraviolet: General, Astrophysics},
         year = 2004,
        month = jul,
       volume = {153},
       number = {1},
        pages = {165-204},
          doi = {10.1086/421297},
archivePrefix = {arXiv},
       eprint = {astro-ph/0403513},
 primaryClass = {astro-ph},
       adsurl = {https://ui.adsabs.harvard.edu/abs/2004ApJS..153..165R},
      adsnote = {Provided by the SAO/NASA Astrophysics Data System}
}

@ARTICLE{Salucci-1999,
       author = {{Salucci}, Paolo and {Persic}, Massimo},
        title = "{The baryonic mass function of spiral galaxies: clues to galaxy formation}",
      journal = {\mnras},
     keywords = {Astrophysics},
         year = 1999,
        month = nov,
       volume = {309},
       number = {4},
        pages = {923-928},
          doi = {10.1046/j.1365-8711.1999.02913.x},
archivePrefix = {arXiv},
       eprint = {astro-ph/9806215},
 primaryClass = {astro-ph},
       adsurl = {https://ui.adsabs.harvard.edu/abs/1999MNRAS.309..923S},
      adsnote = {Provided by the SAO/NASA Astrophysics Data System}
}

@INPROCEEDINGS{Shull-2003,
       author = {{Shull}, J.~M.},
        title = "{The Inventory and Distribution of Baryons at Redshift z=0}",
    booktitle = {The IGM/Galaxy Connection. The Distribution of Baryons at z=0},
         year = 2003,
       editor = {{Rosenberg}, J.~L. and {Putman}, M.~E.},
       series = {Astrophysics and Space Science Library},
       volume = {281},
        month = apr,
        pages = {1},
          doi = {10.1007/978-94-010-0115-1_1},
       adsurl = {https://ui.adsabs.harvard.edu/abs/2003ASSL..281....1S},
      adsnote = {Provided by the SAO/NASA Astrophysics Data System}
}

@ARTICLE{Smith-2011,
       author = {{Smith}, Britton D. and {Hallman}, Eric J. and {Shull}, J. Michael and {O'Shea}, Brian W.},
        title = "{The Nature of the Warm/Hot Intergalactic Medium. I. Numerical Methods, Convergence, and O VI Absorption}",
      journal = {\apj},
     keywords = {cosmology: observations, intergalactic medium, quasars: absorption lines, Astrophysics - Cosmology and Nongalactic Astrophysics},
         year = 2011,
        month = apr,
       volume = {731},
       number = {1},
          eid = {6},
        pages = {6},
          doi = {10.1088/0004-637X/731/1/6},
archivePrefix = {arXiv},
       eprint = {1009.0261},
 primaryClass = {astro-ph.CO},
       adsurl = {https://ui.adsabs.harvard.edu/abs/2011ApJ...731....6S},
      adsnote = {Provided by the SAO/NASA Astrophysics Data System}
}

@ARTICLE{Tepper-Garcia-2011,
       author = {{Tepper-Garc{\'\i}a}, Thorsten and {Richter}, Philipp and {Schaye}, Joop and {Booth}, C.~M. and {Dalla Vecchia}, Claudio and {Theuns}, Tom and {Wiersma}, Robert P.~C.},
        title = "{Absorption signatures of warm-hot gas at low redshift: O VI}",
      journal = {\mnras},
     keywords = {methods: numerical, galaxies: formation, intergalactic medium, quasars: absorption lines, cosmology: theory, Astrophysics - Cosmology and Extragalactic Astrophysics},
         year = 2011,
        month = may,
       volume = {413},
       number = {1},
        pages = {190-212},
          doi = {10.1111/j.1365-2966.2010.18123.x},
archivePrefix = {arXiv},
       eprint = {1007.2840},
 primaryClass = {astro-ph.CO},
       adsurl = {https://ui.adsabs.harvard.edu/abs/2011MNRAS.413..190T},
      adsnote = {Provided by the SAO/NASA Astrophysics Data System}
}

@ARTICLE{Thom-2008,
       author = {{Thom}, C. and {Chen}, Hsiao-Wen},
        title = "{A STIS Survey for O VI Absorption Systems at 0.12 < z lesssim 0.5. I. The Statistical Properties of Ionized Gas}",
      journal = {\apj},
     keywords = {cosmology: observations, intergalactic medium, quasars: absorption lines, Astrophysics},
         year = 2008,
        month = aug,
       volume = {683},
       number = {1},
        pages = {22-32},
          doi = {10.1086/587976},
archivePrefix = {arXiv},
       eprint = {0801.2380},
 primaryClass = {astro-ph},
       adsurl = {https://ui.adsabs.harvard.edu/abs/2008ApJ...683...22T},
      adsnote = {Provided by the SAO/NASA Astrophysics Data System}
}

@ARTICLE{Tilton-2012,
       author = {{Tilton}, Evan M. and {Danforth}, Charles W. and {Shull}, J. Michael and {Ross}, Teresa L.},
        title = "{The Low-redshift Intergalactic Medium as Seen in Archival Legacy HST/STIS and FUSE Data}",
      journal = {\apj},
     keywords = {cosmological parameters, cosmology: observations, intergalactic medium, quasars: absorption lines, ultraviolet: general, Astrophysics - Cosmology and Nongalactic Astrophysics},
         year = 2012,
        month = nov,
       volume = {759},
       number = {2},
          eid = {112},
        pages = {112},
          doi = {10.1088/0004-637X/759/2/112},
archivePrefix = {arXiv},
       eprint = {1204.3623},
 primaryClass = {astro-ph.CO},
       adsurl = {https://ui.adsabs.harvard.edu/abs/2012ApJ...759..112T},
      adsnote = {Provided by the SAO/NASA Astrophysics Data System}
}

@ARTICLE{Tripp-2008,
       author = {{Tripp}, Todd M. and {Sembach}, Kenneth R. and {Bowen}, David V. and {Savage}, Blair D. and {Jenkins}, Edward B. and {Lehner}, Nicolas and {Richter}, Philipp},
        title = "{A High-Resolution Survey of Low-Redshift QSO Absorption Lines: Statistics and Physical Conditions of O VI Absorbers}",
      journal = {\apjs},
     keywords = {cosmology: observations, intergalactic medium, quasars: absorption lines, Astrophysics},
         year = 2008,
        month = jul,
       volume = {177},
       number = {1},
        pages = {39-102},
          doi = {10.1086/587486},
archivePrefix = {arXiv},
       eprint = {0706.1214},
 primaryClass = {astro-ph},
       adsurl = {https://ui.adsabs.harvard.edu/abs/2008ApJS..177...39T},
      adsnote = {Provided by the SAO/NASA Astrophysics Data System}
}

@ARTICLE{Tumlinson-2011,
       author = {{Tumlinson}, J. and {Thom}, C. and {Werk}, J.~K. and {Prochaska}, J.~X. and {Tripp}, T.~M. and {Weinberg}, D.~H. and {Peeples}, M.~S. and {O'Meara}, J.~M. and {Oppenheimer}, B.~D. and {Meiring}, J.~D. and {Katz}, N.~S. and {Dav{\'e}}, R. and {Ford}, A.~B. and {Sembach}, K.~R.},
        title = "{The Large, Oxygen-Rich Halos of Star-Forming Galaxies Are a Major Reservoir of Galactic Metals}",
      journal = {Science},
     keywords = {ASTRONOMY, Astrophysics - Cosmology and Nongalactic Astrophysics},
         year = 2011,
        month = nov,
       volume = {334},
       number = {6058},
        pages = {948},
          doi = {10.1126/science.1209840},
archivePrefix = {arXiv},
       eprint = {1111.3980},
 primaryClass = {astro-ph.CO},
       adsurl = {https://ui.adsabs.harvard.edu/abs/2011Sci...334..948T},
      adsnote = {Provided by the SAO/NASA Astrophysics Data System}
}

@ARTICLE{Yao-2012,
       author = {{Yao}, Yangsen and {Shull}, J. Michael and {Wang}, Q. Daniel and {Cash}, Webster},
        title = "{Detecting the Warm-Hot Intergalactic Medium through X-Ray Absorption Lines}",
      journal = {\apj},
     keywords = {BL Lacertae objects: individual: Markarian 421, intergalactic medium, quasars: absorption lines, X-rays: diffuse background, Astrophysics - Cosmology and Nongalactic Astrophysics},
         year = 2012,
        month = feb,
       volume = {746},
       number = {2},
          eid = {166},
        pages = {166},
          doi = {10.1088/0004-637X/746/2/166},
archivePrefix = {arXiv},
       eprint = {1112.1418},
 primaryClass = {astro-ph.CO},
       adsurl = {https://ui.adsabs.harvard.edu/abs/2012ApJ...746..166Y},
      adsnote = {Provided by the SAO/NASA Astrophysics Data System}
}

